@article{santambrogio2010introduction,
  title={Introduction to optimal transport theory},
  author={Santambrogio, Filippo},
  journal={arXiv preprint arXiv:1009.3856},
  year={2010}
}

@article{gardner2002brunn,
  title={The brunn-minkowski inequality},
  author={Gardner, R},
  journal={Bulletin of the American Mathematical Society},
  volume={39},
  number={3},
  pages={355--405},
  year={2002}
}

@article{levy2014numerical,
  title={A numerical algorithm for $ L\_2 $ semi-discrete optimal transport in 3D},
  author={L{\'e}vy, Bruno},
  journal={arXiv preprint arXiv:1409.1279},
  year={2014}
}

@article{su2016volume,
  title={Volume preserving mesh parameterization based on optimal mass transportation},
  author={Su, Kehua and Chen, Wei and Lei, Na and Zhang, Junwei and Qian, Kun and Gu, Xianfeng},
  journal={Computer-Aided Design},
  year={2016},
  publisher={Elsevier}
}



@article{su2016area,
  title={Area-preserving mesh parameterization for poly-annulus surfaces based on optimal mass transportation},
  author={Su, Kehua and Cui, Li and Qian, Kun and Lei, Na and Zhang, Junwei and Zhang, Min and Gu, Xianfeng David},
  journal={Computer Aided Geometric Design},
  year={2016},
  publisher={Elsevier}
}

@article{santambrogio2015optimal,
  title={Optimal transport for applied mathematicians},
  author={Santambrogio, Filippo},
  journal={Progress in Nonlinear Differential Equations and their applications},
  volume={87},
  year={2015},
  publisher={Springer}
}
@article{gu2013variational,
  title={Variational principles for Minkowski type problems, discrete optimal transport, and discrete Monge-Ampere equations},
  author={Gu, Xianfeng and Luo, Feng and Sun, Jian and Yau, S-T},
  journal={arXiv preprint arXiv:1302.5472},
  year={2013}
}
@article{aurenhammer1987power,
  title={Power diagrams: properties, algorithms and applications},
  author={Aurenhammer, Franz},
  journal={SIAM Journal on Computing},
  volume={16},
  number={1},
  pages={78--96},
  year={1987},
  publisher={SIAM}
}


@article{dominitz2010texture,
  title={Texture mapping via optimal mass transport},
  author={Dominitz, Ayelet and Tannenbaum, Allen},
  journal={IEEE transactions on visualization and computer graphics},
  volume={16},
  number={3},
  pages={419--433},
  year={2010},
  publisher={IEEE}
}


@article{ur20093d,
  title={3D nonrigid registration via optimal mass transport on the GPU},
  author={ur Rehman, Tauseef and Haber, Eldad and Pryor, Gallagher and Melonakos, John and Tannenbaum, Allen},
  journal={Medical image analysis},
  volume={13},
  number={6},
  pages={931--940},
  year={2009},
  publisher={Elsevier}
}




@article{haker2004optimal,
  title={Optimal mass transport for registration and warping},
  author={Haker, Steven and Zhu, Lei and Tannenbaum, Allen and Angenent, Sigurd},
  journal={International Journal of computer vision},
  volume={60},
  number={3},
  pages={225--240},
  year={2004},
  publisher={Springer}
}
@article{zhao2013area,
  title={Area-preservation mapping using optimal mass transport},
  author={Zhao, Xin and Su, Zhengyu and Gu, Xianfeng David and Kaufman, Arie and Sun, Jian and Gao, Jie and Luo, Feng},
  journal={IEEE transactions on visualization and computer graphics},
  volume={19},
  number={12},
  pages={2838--2847},
  year={2013},
  publisher={IEEE}
}
@article{su2015optimal,
  title={Optimal mass transport for shape matching and comparison},
  author={Su, Zhengyu and Wang, Yalin and Shi, Rui and Zeng, Wei and Sun, Jian and Luo, Feng and Gu, Xianfeng},
  journal={IEEE transactions on pattern analysis and machine intelligence},
  volume={37},
  number={11},
  pages={2246--2259},
  year={2015},
  publisher={IEEE}
}
@inproceedings{su2015shape,
  title={Shape Classification Using Wasserstein Distance for Brain Morphometry Analysis},
  author={Su, Zhengyu and Zeng, Wei and Wang, Yalin and Lu, Zhong-Lin and Gu, Xianfeng},
  booktitle={International Conference on Information Processing in Medical Imaging},
  pages={411--423},
  year={2015},
  organization={Springer}
}

@article{bonneel2016wasserstein,
  title={Wasserstein Barycentric Coordinates: Histogram Regression Using Optimal Transport},
  author={Bonneel, Nicolas and Peyr{\'e}, Gabriel and Cuturi, Marco and Mazenc, Fr{\'e}d{\'e}ric and Malisoff, Michael and Fridman, Emilia and Bonnet, Catherine and Mazenc, Frederic and Djema, Walid and Le Ha Vy Nguyen, Catherine Bonnet and others},
  journal={ACM Transactions on Graphics},
  volume={35},
  number={4},
  year={2016}
}

@article{solomon2015convolutional,
  title={Convolutional wasserstein distances: Efficient optimal transportation on geometric domains},
  author={Solomon, Justin and De Goes, Fernando and Peyr{\'e}, Gabriel and Cuturi, Marco and Butscher, Adrian and Nguyen, Andy and Du, Tao and Guibas, Leonidas},
  journal={ACM Transactions on Graphics (TOG)},
  volume={34},
  number={4},
  pages={66},
  year={2015},
  publisher={ACM}
}

@inproceedings{ni2015ricci,
  title={Ricci curvature of the Internet topology},
  author={Ni, Chien-Chun and Lin, Yu-Yao and Gao, Jie and Gu, Xianfeng David and Saucan, Emil},
  booktitle={2015 IEEE Conference on Computer Communications (INFOCOM)},
  pages={2758--2766},
  year={2015},
  organization={IEEE}
}


@article{gangbo1996geometry,
  title={The geometry of optimal transportation},
  author={Gangbo, Wilfrid and McCann, Robert J},
  journal={Acta Mathematica},
  volume={177},
  number={2},
  pages={113--161},
  year={1996},
  publisher={Springer}
}
@book{villani2008optimal,
  title={Optimal transport: old and new},
  author={Villani, C{\'e}dric},
  volume={338},
  year={2008},
  publisher={Springer Science \& Business Media}
}
@book{ambrosio2003lecture,
  title={Lecture notes on optimal transport problems},
  author={Ambrosio, Luigi},
  year={2003},
  publisher={Springer}
}
@book{monge1781memoire,
  title={M{\'e}moire sur la th{\'e}orie des d{\'e}blais et des remblais},
  author={Monge, Gaspard},
  year={1781},
  publisher={De l'Imprimerie Royale}
}
@inproceedings{kantorovich1942transfer,
  title={On the transfer of masses},
  author={Kantorovich, Leonid V},
  booktitle={Dokl. Akad. Nauk. SSSR},
  volume={37},
  number={7-8},
  pages={227--229},
  year={1942}
}
@article{brenier1991polar,
  title={Polar factorization and monotone rearrangement of vector-valued functions},
  author={Brenier, Yann},
  journal={Communications on pure and applied mathematics},
  volume={44},
  number={4},
  pages={375--417},
  year={1991},
  publisher={Wiley Online Library}
}
@article{mccann2001polar,
  title={Polar factorization of maps on Riemannian manifolds},
  author={McCann, Robert J},
  journal={Geometric \& Functional Analysis GAFA},
  volume={11},
  number={3},
  pages={589--608},
  year={2001},
  publisher={Springer}
}