

@article{robertazzi1993processor,
  title={Processor equivalence for daisy chain load sharing processors},
  author={Robertazzi, Thomas G},
  journal={IEEE Transactions on Aerospace and Electronic Systems},
  volume={29},
  number={4},
  pages={1216--1221},
  year={1993},
  publisher={IEEE}
}

@article{jia2010scheduling,
  title={Scheduling multisource divisible loads on arbitrary networks},
  author={Jia, Jingxi and Veeravalli, Bharadwaj and Weissman, Jon},
  journal={IEEE Transactions on Parallel and Distributed Systems},
  volume={21},
  number={4},
  pages={520--531},
  year={2010},
  publisher={IEEE}
}