@article{kyong2012greedy,
  title={Greedy signature processing with arbitrary location distributions: a divisible load framework},
  author={Kyong, Yuntai and Robertazzi, Thomas G},
  journal={IEEE Transactions on Aerospace and Electronic Systems},
  volume={48},
  number={4},
  pages={3027--3041},
  year={2012},
  publisher={IEEE}
}


@inproceedings{redondi2015mathematical,
  title={A mathematical programming approach to task offloading in visual sensor networks},
  author={Redondi, Alessandro Enrico and Cesana, Matteo and Baroffio, Luca and Tagliasacchi, Marco},
  booktitle={Vehicular Technology Conference (VTC Spring), 2015 IEEE 81st},
  pages={1--5},
  year={2015},
  organization={IEEE}
}




@article{eriksson2017distributed,
  title={Distributed Algorithms for Feature Extraction Off-loading in Multi-Camera Visual Sensor Networks},
  author={Eriksson, Emil and D{\'a}n, Gy{\"o}rgy and Fodor, Viktoria},
  journal={arXiv preprint arXiv:1705.08252},
  year={2017}
}


@inproceedings{robertazzi2006multi,
  title={Multi-source grid scheduling for divisible loads},
  author={Robertazzi, Thomas G and Yu, Dantong},
  booktitle={Information Sciences and Systems, 2006 40th Annual Conference on},
  pages={188--191},
  year={2006},
  organization={IEEE}
}


@article{drozdowski1999scheduling,
  title={Scheduling divisible loads in a three-dimensional mesh of processors},
  author={Drozdowski, Maciej and G{\l}azek, W{\l}odzimierz},
  journal={Parallel Computing},
  volume={25},
  number={4},
  pages={381--404},
  year={1999},
  publisher={Elsevier}
}



@inproceedings{li2001divisible,
  title={Divisible load scheduling on a hypercube cluster with finite-size buffers and granularity constraints},
  author={Li, Xiaolin and Veeravalli, Bharadwaj and Ko, Chi Chung},
  booktitle={Cluster Computing and the Grid, 2001. Proceedings. First IEEE/ACM International Symposium on},
  pages={660--667},
  year={2001},
  organization={IEEE}
}

@inproceedings{krevat2002job,
  title={Job scheduling for the BlueGene/L system},
  author={Krevat, Elie and Casta{\~n}os, Jos{\'e} G and Moreira, Jos{\'e} E},
  booktitle={Workshop on Job Scheduling Strategies for Parallel Processing},
  pages={38--54},
  year={2002},
  organization={Springer}
}


@inproceedings{ko2002scheduling,
  title={Scheduling in an environment of multiple job submissions},
  author={Ko, Kwangil and Robertazzi, Thomas G},
  booktitle={Proceedings of the 2002 Conference on Information Sciences and Systems},
  year={2002},
  organization={Princeton NJ}
}


@article{jia2010scheduling,
  title={Scheduling multisource divisible loads on arbitrary networks},
  author={Jia, Jingxi and Veeravalli, Bharadwaj and Weissman, Jon},
  journal={IEEE Transactions on Parallel and Distributed Systems},
  volume={21},
  number={4},
  pages={520--531},
  year={2010},
  publisher={IEEE}
}


@inproceedings{ni2016capacitated,
  title={Capacitated kinetic clustering in mobile networks by optimal transportation theory},
  author={Ni, Chien-Chun and Su, Zhengyu and Gao, Jie and Gu, Xianfeng David},
  booktitle={INFOCOM 2016-The 35th Annual IEEE International Conference on Computer Communications, IEEE},
  pages={1--9},
  year={2016},
  organization={IEEE}
}

@article{ying2014signature,
  title={Signature searching in a networked collection of files},
  author={Ying, Zhongwen and Robertazzi, Thomas G},
  journal={IEEE Transactions on Parallel and Distributed Systems},
  volume={25},
  number={5},
  pages={1339--1348},
  year={2014},
  publisher={IEEE}
}
@article{ko2008signature,
  title={Signature search time evaluation in flat file databases},
  author={Ko, Kwangil and Robertazzi, Thomas G},
  journal={IEEE Transactions on Aerospace and Electronic Systems},
  volume={44},
  number={2},
  year={2008},
  publisher={IEEE}
}

