@article{su2017volume,
  title={Volume preserving mesh parameterization based on optimal mass transportation},
  author={Su, Kehua and Chen, Wei and Lei, Na and Zhang, Junwei and Qian, Kun and Gu, Xianfeng},
  journal={Computer-Aided Design},
  volume={82},
  pages={42--56},
  year={2017},
  publisher={Elsevier}
}

@article{gu2013variational,
  title={Variational principles for Minkowski type problems, discrete optimal transport, and discrete Monge-Ampere equations},
  author={Gu, Xianfeng and Luo, Feng and Sun, Jian and Yau, S-T},
  journal={arXiv preprint arXiv:1302.5472},
  year={2013}
}

@article{du1999centroidal,
  title={Centroidal Voronoi tessellations: Applications and algorithms},
  author={Du, Qiang and Faber, Vance and Gunzburger, Max},
  journal={SIAM review},
  volume={41},
  number={4},
  pages={637--676},
  year={1999},
  publisher={SIAM}
}

@article{robertazzi1993processor,
  title={Processor equivalence for daisy chain load sharing processors},
  author={Robertazzi, Thomas G},
  journal={IEEE Transactions on Aerospace and Electronic Systems},
  volume={29},
  number={4},
  pages={1216--1221},
  year={1993},
  publisher={IEEE}
}

@article{jia2010scheduling,
  title={Scheduling multisource divisible loads on arbitrary networks},
  author={Jia, Jingxi and Veeravalli, Bharadwaj and Weissman, Jon},
  journal={IEEE Transactions on Parallel and Distributed Systems},
  volume={21},
  number={4},
  pages={520--531},
  year={2010},
  publisher={IEEE}
}

@article{fortune1987sweepline,
  title={A sweepline algorithm for Voronoi diagrams},
  author={Fortune, Steven},
  journal={Algorithmica},
  volume={2},
  number={1-4},
  pages={153},
  year={1987},
  publisher={Springer}
}